<record><leader>00000cas a22000007a 4500</leader><controlfield tag="001">2252771</controlfield><controlfield tag="008">760620d19021943nduwr ne      0    0eng d</controlfield><datafield ind1=" " ind2=" " tag="010"><subfield code="a">sn 88076453 </subfield></datafield><datafield ind1=" " ind2=" " tag="040"><subfield code="a">MUL</subfield><subfield code="b">eng</subfield><subfield code="c">MUL</subfield><subfield code="d">NOP</subfield><subfield code="d">OCLCQ</subfield></datafield><datafield ind1=" " ind2=" " tag="042"><subfield code="a">msc</subfield></datafield><datafield ind1="0" ind2="0" tag="245"><subfield code="a">Flaxton times.</subfield></datafield><datafield ind1=" " ind2=" " tag="260"><subfield code="a">Flaxton, N.D. :</subfield><subfield code="b">Paul S. Ware</subfield></datafield><datafield ind1=" " ind2=" " tag="300"><subfield code="a">v. :</subfield><subfield code="b">ill.</subfield></datafield><datafield ind1=" " ind2=" " tag="310"><subfield code="a">Weekly</subfield></datafield><datafield ind1="1" ind2=" " tag="362"><subfield code="a">Began in 1902.</subfield></datafield><datafield ind1="0" ind2=" " tag="362"><subfield code="a">-v. 39 [i.e. 40], no. 1 (Jan. 7, 1943).</subfield></datafield><datafield ind1=" " ind2=" " tag="515"><subfield code="a">Vol. 39 repeated in volume numbering, printed as VXXXIV.</subfield></datafield><datafield ind1=" " ind2=" " tag="530"><subfield code="a">Available on microfilm from the State Historical Society of North Dakota.</subfield></datafield><datafield ind1=" " ind2=" " tag="588"><subfield code="a">Description based on: Vol. 3, no. 32 (Apr. 28, 1905).</subfield></datafield><datafield ind1=" " ind2=" " tag="752"><subfield code="a">United States</subfield><subfield code="b">North Dakota</subfield><subfield code="c">Burke</subfield><subfield code="d">Flaxton.</subfield></datafield><datafield ind1=" " ind2=" " tag="752"><subfield code="a">United States</subfield><subfield code="b">North Dakota</subfield><subfield code="c">Ward</subfield><subfield code="d">Flaxton.</subfield></datafield><datafield ind1="0" ind2="7" tag="785"><subfield code="t">International (Portal, N.D.)</subfield><subfield code="w">(DLC)sn 88076290</subfield></datafield><datafield ind1="0" ind2="7" tag="785"><subfield code="t">Flaxton times and Portal international</subfield><subfield code="w">(DLC)sn 88076956</subfield></datafield><datafield ind1="1" ind2=" " tag="029"><subfield code="a">AU@</subfield><subfield code="b">000025838533</subfield></datafield></record>